<record><leader>00000cas a2200000 a 4500</leader><controlfield tag="001">11364998</controlfield><controlfield tag="008">841108d18971901ksuwr ne      0   a0eng d</controlfield><datafield ind1=" " ind2=" " tag="010"><subfield code="a">sn 84030007 </subfield></datafield><datafield ind1=" " ind2=" " tag="040"><subfield code="a">KSH</subfield><subfield code="b">eng</subfield><subfield code="c">KSH</subfield><subfield code="d">NPT</subfield><subfield code="d">OCL</subfield><subfield code="d">OCLCQ</subfield></datafield><datafield ind1=" " ind2=" " tag="042"><subfield code="a">msc</subfield></datafield><datafield ind1="0" ind2="4" tag="245"><subfield code="a">The Graham gem.</subfield></datafield><datafield ind1=" " ind2=" " tag="260"><subfield code="a">Hill City, Kan. :</subfield><subfield code="b">T.H. McGill,</subfield><subfield code="c">1897-1901.</subfield></datafield><datafield ind1=" " ind2=" " tag="300"><subfield code="a">4 v. :</subfield><subfield code="b">ill. ;</subfield><subfield code="c">49-55 cm.</subfield></datafield><datafield ind1=" " ind2=" " tag="310"><subfield code="a">Weekly</subfield></datafield><datafield ind1="0" ind2=" " tag="362"><subfield code="a">Vol. 1, no. 1 (Aug. 6, 1897)-v. 4, no. 36 (Apr. 5, 1901).</subfield></datafield><datafield ind1=" " ind2=" " tag="500"><subfield code="a">Published by W.A. Hill, Mar. 7-Apr. 5, 1901.</subfield></datafield><datafield ind1=" " ind2=" " tag="500"><subfield code="a">"Populist," Aug. 6, 1897-July 26, 1900; "Socialist," Aug. 2, 1900-Feb. 28, 1901; "Republican," Mar. 7-Apr. 5, 1901.</subfield></datafield><datafield ind1=" " ind2=" " tag="752"><subfield code="a">United States</subfield><subfield code="b">Kansas</subfield><subfield code="c">Graham</subfield><subfield code="d">Hill City.</subfield></datafield><datafield ind1="0" ind2="0" tag="785"><subfield code="t">Graham County recorder</subfield><subfield code="w">(DLC)sn 84030020</subfield></datafield></record>